<?xml version="1.0" encoding="UTF-8"?><collection xmlns="http://www.loc.gov/MARC21/slim"><record><leader>00649nam--2200181-i-4500</leader><controlfield tag="001">000024400</controlfield><controlfield tag="002">20161230</controlfield><controlfield tag="005">20161230201035</controlfield><controlfield tag="008">060222s1000------------r-----000-0-eng-d</controlfield><datafield ind1=" " ind2=" " tag="040"><subfield code="a">IFIN-HH</subfield></datafield><datafield ind1=" " ind2=" " tag="080"><subfield code="a">539.12.01(043.4)</subfield></datafield><datafield ind1="1" ind2=" " tag="100"><subfield code="a">Gursey, Feza</subfield></datafield><datafield ind1=" " ind2=" " tag="245"><subfield code="a">Group theoretical concepts and methods in elementary particle physics</subfield><subfield code="b">Lectures of the istanbul summer school of theoretical physics, july 16-august 4, 1962</subfield><subfield code="c">Feza gursey</subfield></datafield><datafield ind1=" " ind2=" " tag="260"><subfield code="a">New York</subfield><subfield code="b">Gordon And Breach, Science Publishers</subfield><subfield code="c">1964</subfield></datafield><datafield ind1=" " ind2=" " tag="300"><subfield code="a">VII+425P</subfield></datafield><datafield ind1=" " ind2=" " tag="490"><subfield code="a">Quantum Physics And It Is Applications</subfield><subfield code="v">Volume I</subfield></datafield><datafield ind1=" " ind2=" " tag="852"><subfield code="a">23343</subfield><subfield code="c">539.12</subfield></datafield><datafield ind1=" " ind2=" " tag="CAT"><subfield code="a">Sys</subfield><subfield code="c">20111104</subfield><subfield code="h">123352</subfield></datafield></record></collection>